@BOOK  {Giusti,
	AUTHOR={E. Giusti},
	TITLE={Analisi matematica 1},
	PUBLISHER={Bollati Boringhieri},
	YEAR=2012
	},
@BOOK  {Courant,
	AUTHOR={R. Courant and F. John},
	TITLE={Introduction to calculus and analysis},
	PUBLISHER={Interscience Publishers},
	YEAR=1965
	},
@BOOK  {Marcellini,
	AUTHOR={P. Marcellini and C. Sbordone},
	TITLE={Analisi matematica uno},
	PUBLISHER={Liguori Editore},
	YEAR=1998
	},
@BOOK {Rudin,
	AUTHOR={W. Rudin},
	TITLE={Analisi matematica},
	PUBLISHER={McGraw-Hill},
	YEAR=1991
},
@BOOK {PaganiSalsa,
	AUTHOR={C. D. Pagani and S. Salsa},
	TITLE={Analisi matematica Volume 1},
	PUBLISHER={Zanichelli},
	YEAR=1993
},
	@misc{appunti_logica,
	  title = {Appunti di Logica},
		author={E. Paolini},
	  howpublished = {\myqrcode{http://pagine.dm.unipi.it/paolini/didattica/appunti/logica.pdf}{}{appunti di logica}%
		\url{http://pagine.dm.unipi.it/paolini/didattica/appunti/logica.pdf}},
	}
